@article{metropolis,
  author = {Metropolis, A. W. and Rosenbluth, A. W. and Rosenbluth, M. N. and Teller, A. H. and Teller, E.},
  interhash = {09015548d3568943e67d50619297521e},
  intrahash = {4b3752b2936a9c524e2f0ca70e63d537},
  journal = {Journal of Chemical Physics},
  pages = {1087-1092},
  title = {Equations of state calculations by fast computing machines},
  volume = 21,
  year = 1953,
  timestamp = {2011-05-09T23:10:52.000+0200},
  keywords = {imported},
  added-at = {2011-05-09T23:10:52.000+0200},
  biburl = {http://www.bibsonomy.org/bibtex/24b3752b2936a9c524e2f0ca70e63d537/josephausterwei}
}

@article{onsager,
  volume = {65},
  journal = {Phys. Rev.},
  month = {Feb},
  author = {Onsager, Lars},
  title = {Crystal Statistics. I. A Two-Dimensional Model with an Order-Disorder Transition},
  year = {1944},
  url = {http://link.aps.org/doi/10.1103/PhysRev.65.117},
  doi = {10.1103/PhysRev.65.117},
  issue = {3-4},
  publisher = {American Physical Society},
  pages = {117--149}
}
